<?xml version="1.0" encoding="UTF-8"?><collection xmlns="http://www.loc.gov/MARC21/slim"><record><leader>00358nam--2200121-i-4500</leader><controlfield tag="001">000026740</controlfield><controlfield tag="002">20161230</controlfield><controlfield tag="005">20161230201036</controlfield><controlfield tag="008">060222s1000------------r-----000-0-eng-d</controlfield><datafield ind1=" " ind2=" " tag="080"><subfield code="a">624.073.126</subfield></datafield><datafield ind1=" " ind2=" " tag="245"><subfield code="a">Instructiuni tehnice pt.proiectarea, construirea, montarea, exploatarea si controlul funicularelor</subfield></datafield><datafield ind1=" " ind2=" " tag="260"><subfield code="a">Bucuresti, Esip, 1966. 141p</subfield></datafield><datafield ind1=" " ind2=" " tag="852"><subfield code="a">25618</subfield></datafield></record></collection>